<?xml version="1.0" encoding="UTF-8"?><record xmlns="http://www.loc.gov/MARC21/slim" xmlns:cinclude="http://apache.org/cocoon/include/1.0" xmlns:zs="http://www.loc.gov/zing/srw/">
  <leader>00967cz  a2200169n  4500</leader>
  <controlfield tag="001">n 2010184755</controlfield>
  <controlfield tag="003">DLC</controlfield>
  <controlfield tag="005">20120818080201.0</controlfield>
  <controlfield tag="008">101203n| acannaabn          |a ana      </controlfield>
  <datafield tag="010" ind1=" " ind2=" ">
    <subfield code="a">n 2010184755</subfield>
  </datafield>
  <datafield tag="035" ind1=" " ind2=" ">
    <subfield code="a">(DNLM)1481707</subfield>
  </datafield>
  <datafield tag="040" ind1=" " ind2=" ">
    <subfield code="a">DNLM</subfield>
    <subfield code="b">eng</subfield>
    <subfield code="c">DNLM</subfield>
    <subfield code="d">DLC</subfield>
  </datafield>
  <datafield tag="111" ind1="2" ind2=" ">
    <subfield code="a">International Congress on Stress Responses in Biology and Medicine</subfield>
  </datafield>
  <datafield tag="411" ind1="2" ind2=" ">
    <subfield code="a">Cell Stress Society International Congress on Stress Responses in Biology and Medicine</subfield>
  </datafield>
  <datafield tag="411" ind1="2" ind2=" ">
    <subfield code="a">Congress on Stress Responses in Biology and Medicine, International</subfield>
  </datafield>
  <datafield tag="667" ind1=" " ind2=" ">
    <subfield code="a">THIS 1XX FIELD CANNOT BE USED UNDER RDA UNTIL THIS RECORD HAS BEEN REVIEWED AND/OR UPDATED</subfield>
  </datafield>
  <datafield tag="670" ind1=" " ind2=" ">
    <subfield code="a">The 4th International Congress on Stress Responses in Biology and Medicine ; The 4th annual meeting of the Biomedical Society for Stress Response, 2009:</subfield>
    <subfield code="b">t.p. (International Congress on Stress Responses in Biology and Medicine) p. 1 (Cell Stress Society International (CSSI) Congress on Stress Responses in Biology and Medicine)</subfield>
  </datafield>
</record>